% Example bibliography for BibTeX
% Help available at http://en.wikibooks.org/wiki/LaTeX/Bibliography_Management

% KIRJAT



%@Book{cheswick,
%   author =   "William R. Cheswick and Steven M. Bellovin and Aviel %D. Rubin", 
   %title =   "Firewalls and Internet security: repelling the wily hacker", 
   %publisher =   "Addison-Wesley",
   %edition = "Second",
   %address = "Erewhon, NC",
   %year =   "2003"
%}

% ARTIKKELIT

%@article{kamara,
 
 %       author = "Seny Kamara and Sonia Fahmy and Eugene Schultz %and Florian Kerschbaum and Michael Frantzen",
      %  organization = {Center for Education and Research in Information Assurance and Security (CERIAS)},
        %journal = {Computers and Security},
        %number = {3},
        %pages = {214--232},
        %title = "{Analysis of Vulnerabilities in Internet Firewalls}",
        %volume = {22},
        %year = {2003}
%}

%@inproceedings{al-shaer,
 %       author = "Ehab S. Al-Shaer and Hazem H. Hamed",
  %      organization = {Multimedia Networking Research Laboratory, %DePaul University, Chicago, USA},
       % booktitle = {IEEE INFOCOM},
        %title = "{Discovery of policy anomalies in distributed firewalls}",
        %year = {2004},
        %pages = {2605-2616}
%}


% KONFERENSSIPAPERIT


%@inproceedings{eronen,
%title = {An expert system for analyzing firewall rules},
%author = "Pasi Eronen and Jukka Zitting",
%booktitle = {Proc. 6th Nordic Worksh. Secure IT Systems},
%OPTpublisher = {Technical Univ. of Denmark},
%OPTnumber = {IMM-TR-2001-14},
%OPTseries = {Technical report},
%pages = {100--107},
%month = {Nov},
%year = {2001}
%}

%
%    MUUT
%

%@Misc{hassan,
%   author = "A.A. Hassan",
%   title = "Algorithms for Verifying Firewall and Router Access Lists",
   %year = "2004"
%}

%@Misc{satan,
%  OPTkey =       {},
%  author =    "Dan Farmer and Wietse Venema",
%  title =     {SATAN, Security Administrator Tool for Analyzing Networks},
  %OPThowpublished = {},
  %OPTmonth =     {},
  %OPTyear =      {},
  %year = "accessed 18.5.2007.",
  %note =      {URL: \url{http://www.porcupine.org/satan/}},
  %OPTannote =    {}
%}

@misc{esasci,
  organization = {European Space Agency},
  title = {ESA Science \& Technology: Cluster},
  howpublished = "\url{http://sci.esa.int/cluster/}",
  year = {2017}, 
  note = "[Online; accessed 29-August-2017]"
}

@misc{esacluster,
  organization = {European Space Agency},
  title = {Cluster II Operations},
  howpublished = "\url{http://www.esa.int/Our_Activities/Operations/Cluster_II_operations}",
  year = {2017}, 
  note = "[Online; accessed 29-August-2017]"
}

@misc{openmct_site,
  organization = {National Aeronautics and Space Administration},
  title = {Open MCT - Open Source Mission Control Software},
  howpublished = "\url{https://nasa.github.io/openmct/}",
  year = {2017}, 
  note = "[Online; accessed 29-August-2017]"
}

@misc{openmct_presentation,
  author = {Jay Trimble},
  organization = {NASA Ames Research Center},
  title = {A New Architecture for Visualization: Open Mission Control Technologies},
  howpublished = "\url{http://www.esa-esaw2017.eu/sites/default/files/ESAW\%202017\%20Visualization_Trimble\%203\%20.pdf}",
  year = {2017}, 
  note = "[Online; accessed 29-August-2017]"
}

@misc{boss,
  organization = {Solenix GmbH},
  title = {BOSS Dashboard},
  howpublished = "\url{https://www.solenix.ch/boss}",
  year = {2017}, 
  note = "[Online; accessed 29-August-2017]"
}

@misc{visjs,
  organization = {vis.js},
  title = {timeline - vis.js - A dynamic, browser based visualization library.},
  howpublished = "\url{http://visjs.org/docs/timeline/}",
  year = {2017}, 
  note = "[Online; accessed 29-August-2017]"
}

@misc{scrum,
  author = {Ken Schwaber and Jeff Sutherland},
  title = {The Scrum Guide},
  howpublished = "\url{http://www.scrumguides.org/docs/scrumguide/v2016/2016-Scrum-Guide-US.pdf}",
  year = {2017}, 
  note = "[Online; accessed 29-August-2017]"
}